<record><leader>00000cas a2200000 a 4500</leader><controlfield tag="001">757838439</controlfield><controlfield tag="008">111020d19uu1985caucr ne      0    0eng c</controlfield><datafield ind1=" " ind2=" " tag="010"><subfield code="a">sn2011271258</subfield></datafield><datafield ind1=" " ind2=" " tag="040"><subfield code="a">CNK</subfield><subfield code="b">eng</subfield><subfield code="c">CNK</subfield><subfield code="d">OCLCQ</subfield><subfield code="d">OCLCF</subfield><subfield code="d">OCLCO</subfield></datafield><datafield ind1=" " ind2=" " tag="042"><subfield code="a">pcc</subfield></datafield><datafield ind1=" " ind2=" " tag="043"><subfield code="a">n-us-ca</subfield></datafield><datafield ind1="0" ind2="0" tag="245"><subfield code="a">Berkeley post.</subfield></datafield><datafield ind1="1" ind2="3" tag="246"><subfield code="a">Post</subfield></datafield><datafield ind1="1" ind2=" " tag="246"><subfield code="i">Sunday issues published as:</subfield><subfield code="a">Berkeley Sunday post</subfield><subfield code="f">&lt;Jan. 2, 1979&gt;-Jan. 13, 1980</subfield></datafield><datafield ind1=" " ind2=" " tag="260"><subfield code="a">Oakland, Calif. :</subfield><subfield code="b">Alameda Pub. Corp.</subfield></datafield><datafield ind1=" " ind2=" " tag="300"><subfield code="a">v.</subfield></datafield><datafield ind1=" " ind2=" " tag="310"><subfield code="a">Semiweekly,</subfield><subfield code="b">&lt;Jan. 2, 1979&gt;-July 14, 1985</subfield></datafield><datafield ind1=" " ind2=" " tag="321"><subfield code="a">Frequency varies,</subfield><subfield code="b">&lt;Jan. 2, 1979-Dec. 30, 1981&gt;</subfield></datafield><datafield ind1="0" ind2=" " tag="362"><subfield code="a">-22nd year, no. 6 (July 14, 1985).</subfield></datafield><datafield ind1=" " ind2=" " tag="500"><subfield code="a">Issues for Jan. 15, 1980-&lt;Dec. 30, 1981&gt; have day of week above title in masthead.</subfield></datafield><datafield ind1=" " ind2=" " tag="530"><subfield code="a">Master negatives are available for duplication from:</subfield><subfield code="b">California Newspaper Microfilm Archive;</subfield><subfield code="c">positive copies may be purchased by the reel; for further information consult the CNMA at:</subfield><subfield code="u">http://cbsr.ucr.edu</subfield></datafield><datafield ind1=" " ind2=" " tag="588"><subfield code="a">Description based on: 14th year, no. 194 (Jan. 2, 1979).</subfield></datafield><datafield ind1=" " ind2="0" tag="651"><subfield code="a">Berkeley (Calif.)</subfield><subfield code="v">Newspapers.</subfield></datafield><datafield ind1=" " ind2="7" tag="655"><subfield code="a">Newspapers.</subfield><subfield code="2">fast</subfield><subfield code="0">(OCoLC)fst01423814</subfield></datafield><datafield ind1=" " ind2="7" tag="651"><subfield code="a">California</subfield><subfield code="z">Berkeley.</subfield><subfield code="2">fast</subfield><subfield code="0">(OCoLC)fst01205020</subfield></datafield><datafield ind1=" " ind2=" " tag="752"><subfield code="a">United States</subfield><subfield code="b">California</subfield><subfield code="c">Alameda</subfield><subfield code="d">Oakland.</subfield></datafield><datafield ind1="0" ind2="0" tag="785"><subfield code="t">Berkeley tri-city post</subfield><subfield code="w">(DLC)sn 89080104</subfield></datafield></record>